%This is free and unencumbered software released into the public domain.
%
%Anyone is free to copy, modify, publish, use, compile, sell, or
%distribute this software, either in source code form or as a compiled
%binary, for any purpose, commercial or non-commercial, and by any
%means.
%
%In jurisdictions that recognize copyright laws, the author or authors
%of this software dedicate any and all copyright interest in the
%software to the public domain. We make this dedication for the benefit
%of the public at large and to the detriment of our heirs and
%successors. We intend this dedication to be an overt act of
%relinquishment in perpetuity of all present and future rights to this
%software under copyright law.
%
%THE SOFTWARE IS PROVIDED "AS IS", WITHOUT WARRANTY OF ANY KIND,
%EXPRESS OR IMPLIED, INCLUDING BUT NOT LIMITED TO THE WARRANTIES OF
%MERCHANTABILITY, FITNESS FOR A PARTICULAR PURPOSE AND NONINFRINGEMENT.
%IN NO EVENT SHALL THE AUTHORS BE LIABLE FOR ANY CLAIM, DAMAGES OR
%OTHER LIABILITY, WHETHER IN AN ACTION OF CONTRACT, TORT OR OTHERWISE,
%ARISING FROM, OUT OF OR IN CONNECTION WITH THE SOFTWARE OR THE USE OR
%OTHER DEALINGS IN THE SOFTWARE.
%
%For more information, please refer to <http://unlicense.org>

@Book{dummy:book,
  Title                    = {Grundlagen der Informationstechnik},
  Author                   = {Harald Flender and Hermann Hassler and Maria Schmidt and Monika Helfer},
  Editor                   = {Harald Bauer},
  Publisher                = {Musterverlag},
  Year                     = {2003},
  Address                  = {München},
  Edition                  = {4},
  Month                    = {6},
  Number                   = {2},
  Series                   = {3},
  Volume                   = {1},
  Owner                    = {malte},
  Timestamp                = {2015.08.05}
}

@Other{dummy:URL,
  Title                    = {Title},
  Author                   = {Karl Heinz Bauer},
  HowPublished             = {\url{https://www.google.de}},
  Month                    = {März},
  Year                     = {2015},
  Note                     = {(16.07.2015, 13:23)},
  Owner                    = {malte},
  Timestamp                = {2015.07.24},
  Urldate                  = {2015.07.24},
}

@article{dummy:article,
 author = {Anton Abel and Karl Schäfer},
 title = {dummy title},
 journal = {dummy journal},
 issue_date = {February 2013},
 volume = {9},
 number = {1},
 month = feb,
 year = {2013},
 issn = {1551-6857},
 pages = {1:1--1:22},
 articleno = {1},
 numpages = {22},
 url = {dummy url},
 doi = {10.1145/2422956.2422957},
 acmid = {2422957},
 publisher = {dummy publisher},
 address = {New York, NY, USA},
 keywords = {dummy, keywords},
}